{"2003": [{"title": "踊る大捜査線 THE MOVIE２　レインボーブリッジを封鎖せよ!", "revenue": 173.5, "releaseDate": "2003-7"}, {"title": "ポケットモンスター アドバンスジェネレーション 七夜の願い星ジラーチおどるポケモンひみつ基地", "revenue": 45.0, "releaseDate": "2003-7"}, {"title": "名探偵コナン 迷宮の十字路", "revenue": 32.0, "releaseDate": "2003-4"}, {"title": "黄泉がえり", "revenue": 30.7, "releaseDate": "2003-1"}, {"title": "座頭市", "revenue": 28.5, "releaseDate": "2003-9"}, {"title": "ドラえもん のび太とふしぎ風使い　Pa-Pa-Pa ザ☆ムービー パーマン", "revenue": 25.4, "releaseDate": "2003-3"}, {"title": "ワンピース THE MOVIE デッドエンドの冒険", "revenue": 20.0, "releaseDate": "2003-3"}, {"title": "ゴジラ×メカゴジラ　劇場版とっとこハム太郎　ハムハムハムージャ！幻のプリンセス", "revenue": 19.1, "releaseDate": "2002-12"}, {"title": "バトル・ロワイアルII 鎮魂歌(レクイエム） ", "revenue": 18.5, "releaseDate": "2003-7"}, {"title": "黄金の法/エル・カンターレの歴史観", "revenue": 17.0, "releaseDate": "2003-10"}, {"title": "陰陽師II ", "revenue": 16.0, "releaseDate": "2003-10"}, {"title": "劇場版仮面ライダー555(ファイズ)　パラダイス・ロスト　劇場版爆竜戦隊アバレンジャー　DELUXE　アバレサマーはキンキン中！", "revenue": 15.0, "releaseDate": "2003-8"}, {"title": " 木更津キャッツアイ　日本シリーズ ", "revenue": 15.0, "releaseDate": "2003-11"}, {"title": "クレヨンしんちゃん 嵐を呼ぶ栄光のヤキニクロード", "revenue": 13.5, "releaseDate": "2003-4"}, {"title": "Ｔ．Ｒ．Ｙ", "revenue": 11.5, "releaseDate": "2003-1"}, {"title": "呪怨２ ", "revenue": 11.0, "releaseDate": "2003-8"}, {"title": "犬夜叉　鏡の中の夢幻城", "revenue": 10.5, "releaseDate": "2002-12"}, {"title": "ドラゴンヘッド ", "revenue": 10.4, "releaseDate": "2003-8"}], "2004": [{"title": "世界の中心で、愛をさけぶ", "revenue": 85.0, "releaseDate": "2004-5"}, {"title": "いま、会いにゆきます ", "revenue": 48.0, "releaseDate": "2004-10"}, {"title": "劇場版ポケットモンスター　アドバンスジェネレーション　裂空の訪問者デオキシス", "revenue": 43.8, "releaseDate": "2004-7"}, {"title": "ドラえもん　のび太のワンニャン時空伝　Pa-Pa-Paザ☆ムービーパーマン タコDEポン！アシHAポン！", "revenue": 30.5, "releaseDate": "2004-3"}, {"title": "名探偵コナン 銀翼の奇術師", "revenue": 28.0, "releaseDate": "2004-4"}, {"title": " クイール ", "revenue": 22.2, "releaseDate": "2004-3"}, {"title": "スウィングガールズ", "revenue": 21.5, "releaseDate": "2004-9"}, {"title": " NIN×NIN 忍者ハットリくん THE MOVIE", "revenue": 19.3, "releaseDate": "2004-8"}, {"title": "半落ち", "revenue": 19.0, "releaseDate": "2004-1"}, {"title": "ワンピース THE MOVIE　呪われた聖剣", "revenue": 18.0, "releaseDate": "2004-3"}, {"title": "海猿", "revenue": 17.4, "releaseDate": "2004-6"}, {"title": "ＣＡＳＳＨＥＲＮ ", "revenue": 15.3, "releaseDate": "2004-4"}, {"title": "着信アリ ", "revenue": 15.0, "releaseDate": "2004-1"}, {"title": "劇場版NARUTO 大活劇!雪姫忍法帖だってばよ!!　劇場版NARUTO 木の葉の里の大うん動会 ", "revenue": 13.7, "releaseDate": "2004-8"}, {"title": "ゴジラ×モスラ×メカゴジラ　東京ＳＯＳ　劇場版とっとこハム太郎 ハムハムグランプリン オーロラ谷の奇跡　リボンちゃん危機一髪！", "revenue": 13.0, "releaseDate": "2003-12"}, {"title": "クレヨンしんちゃん　嵐を呼ぶ！夕陽のカスカベボーイズ", "revenue": 12.8, "releaseDate": "2004-4"}, {"title": "スチームボーイ ", "revenue": 11.6, "releaseDate": "2004-7"}, {"title": "解夏", "revenue": 10.9, "releaseDate": "2004-1"}, {"title": "イノセンス", "revenue": 10.0, "releaseDate": "2004-3"}], "2005": [{"title": "ハウルの動く城", "revenue": 196.0, "releaseDate": "2004-11"}, {"title": "劇場版ポケットモンスター アドバンスジェネレーション ミュウと波導の勇者ルカリオ", "revenue": 43.0, "releaseDate": "2005-7"}, {"title": "交渉人　真下正義", "revenue": 42.0, "releaseDate": "2005-5"}, {"title": "ＮＡＮＡ", "revenue": 40.3, "releaseDate": "2005-9"}, {"title": "容疑者　室井慎次", "revenue": 38.3, "releaseDate": "2005-8"}, {"title": "電車男", "revenue": 37.0, "releaseDate": "2005-6"}, {"title": "ＡＬＷＡＹＳ　三丁目の夕日", "revenue": 32.3, "releaseDate": "2005-11"}, {"title": "北の零年 ", "revenue": 27.0, "releaseDate": "2005-1"}, {"title": "ローレライ", "revenue": 24.0, "releaseDate": "2005-3"}, {"title": "星になった少年　Shining Boy & Little Randy", "revenue": 23.0, "releaseDate": "2005-7"}, {"title": "名探偵コナン　水平線上の陰謀（ストラテジー）", "revenue": 21.5, "releaseDate": "2005-4"}, {"title": "亡国のイージス", "revenue": 20.6, "releaseDate": "2005-7"}, {"title": "妖怪大戦争", "revenue": 20.0, "releaseDate": "2005-8"}, {"title": "戦国自衛隊１５４９", "revenue": 17.1, "releaseDate": "2005-6"}, {"title": "東京タワー", "revenue": 16.3, "releaseDate": "2005-1"}, {"title": "ＳＨＩＮＯＢＩ ", "revenue": 14.1, "releaseDate": "2005-9"}, {"title": "蝉しぐれ", "revenue": 14.0, "releaseDate": "2005-10"}, {"title": "クレヨンしんちゃん　伝説を呼ぶブリブリ3分ポッキリ大進撃", "revenue": 13.0, "releaseDate": "2005-4"}, {"title": "春の雪", "revenue": 12.7, "releaseDate": "2005-10"}, {"title": "ゴジラ　ＦＩＮＡＬ　ＷＡＲＳ", "revenue": 12.6, "releaseDate": "2004-12"}, {"title": "劇場版　鋼の錬金術師　シャンバラを征く者", "revenue": 12.2, "releaseDate": "2005-7"}, {"title": "ワンピース　THE MOVIE　オマツリ男爵と秘密の島", "revenue": 12.0, "releaseDate": "2005-3"}, {"title": "タッチ", "revenue": 12.0, "releaseDate": "2005-9"}, {"title": "劇場版ＮＡＲＵＴＯ　大激突！幻の地底遺跡だってばよ", "revenue": 11.8, "releaseDate": "2005-8"}, {"title": "劇場版 仮面ライダーヒビキと７人の戦鬼　魔法戦隊マジレンジャーTHE MOVIE　インフェルシアの花嫁", "revenue": 11.0, "releaseDate": "2005-9"}, {"title": "着信アリ２", "revenue": 10.1, "releaseDate": "2005-2"}], "2006": [{"title": "ゲド戦記", "revenue": 78.4, "releaseDate": "2006-7"}, {"title": "LIMIT OF LOVE 海猿", "revenue": 71.0, "releaseDate": "2006-5"}, {"title": "THE 有頂天ホテル", "revenue": 60.8, "releaseDate": "2006-1"}, {"title": "日本沈没 ", "revenue": 53.4, "releaseDate": "2006-7"}, {"title": "デスノート　ｔｈｅ　Ｌａｓｔ　ｎａｍｅ", "revenue": 52.0, "releaseDate": "2006-11"}, {"title": "男たちの大和/YAMATO", "revenue": 50.9, "releaseDate": "2005-12"}, {"title": "劇場版ポケットモンスター　アドバンスジェネレーション　ポケモンレンジャーと蒼海(うみ)の王子マナフィ", "revenue": 34.0, "releaseDate": "2006-7"}, {"title": "ドラえもん　のび太の恐竜2006", "revenue": 32.8, "releaseDate": "2006-3"}, {"title": "涙そうそう", "revenue": 31.0, "releaseDate": "2006-9"}, {"title": "名探偵コナン　探偵たちの鎮魂歌（レクイエム）", "revenue": 30.3, "releaseDate": "2006-4"}, {"title": "デスノート　前編 ", "revenue": 28.5, "releaseDate": "2006-6"}, {"title": "明日の記憶", "revenue": 22.0, "releaseDate": "2006-5"}, {"title": "トリック　-劇場版２-", "revenue": 21.0, "releaseDate": "2006-6"}, {"title": "県庁の星", "revenue": 20.8, "releaseDate": "2006-2"}, {"title": "ブレイブ　ストーリー", "revenue": 20.0, "releaseDate": "2006-7"}, {"title": "あらしのよるに", "revenue": 18.8, "releaseDate": "2005-12"}, {"title": "木更津キャッツアイ　ワールドシリーズ", "revenue": 18.0, "releaseDate": "2006-10"}, {"title": "子ぎつねヘレン", "revenue": 17.8, "releaseDate": "2006-3"}, {"title": "フラガール", "revenue": 14.0, "releaseDate": "2006-9"}, {"title": "クレヨンしんちゃん 伝説を呼ぶ踊れ！アミーゴ！", "revenue": 13.8, "releaseDate": "2006-4"}, {"title": "ＵＤＯＮ", "revenue": 13.6, "releaseDate": "2006-8"}, {"title": "嫌われ松子の一生", "revenue": 13.1, "releaseDate": "2006-5"}, {"title": "永遠の法", "revenue": 12.5, "releaseDate": "2006-9"}, {"title": "博士の愛した数式", "revenue": 12.0, "releaseDate": "2006-1"}, {"title": "バルトの楽園 ", "revenue": 12.0, "releaseDate": "2006-6"}, {"title": "手紙", "revenue": 12.0, "releaseDate": "2006-11"}, {"title": "チェケラッチョ！！", "revenue": 10.8, "releaseDate": "2006-4"}, {"title": " タイヨウのうた", "revenue": 10.5, "releaseDate": "2006-6"}], "2007": [{"title": "ＨＥＲＯ", "revenue": 81.5, "releaseDate": "2007-9"}, {"title": "劇場版ポケットモンスター　ダイヤモンド・パール　ディアルガVSパルキアVSダークライ ", "revenue": 50.2, "releaseDate": "2007-7"}, {"title": "ＡＬＷＡＹＳ　続・三丁目の夕日", "revenue": 45.6, "releaseDate": "2007-11"}, {"title": "西遊記", "revenue": 43.7, "releaseDate": "2007-7"}, {"title": "武士の一分", "revenue": 41.1, "releaseDate": "2006-12"}, {"title": "恋空", "revenue": 39.0, "releaseDate": "2007-11"}, {"title": "ドラえもん　のび太の新魔界大冒険　7人の魔法使い", "revenue": 35.4, "releaseDate": "2007-3"}, {"title": "どろろ", "revenue": 34.5, "releaseDate": "2007-1"}, {"title": "アンフェア　ｔｈｅ　ｍｏｖｉｅ", "revenue": 27.2, "releaseDate": "2007-3"}, {"title": "名探偵コナン　紺碧の棺（ジョリー・ロジャー）", "revenue": 25.3, "releaseDate": "2007-4"}, {"title": "クローズＺＥＲＯ ", "revenue": 25.0, "releaseDate": "2007-10"}, {"title": "ゲゲゲの鬼太郎", "revenue": 23.4, "releaseDate": "2007-4"}, {"title": "大奥", "revenue": 22.0, "releaseDate": "2006-12"}, {"title": "舞妓Ｈａａａａｎ！！！", "revenue": 20.8, "releaseDate": "2007-6"}, {"title": "ヱヴァンゲリヲン新劇場版：序", "revenue": 20.0, "releaseDate": "2007-9"}, {"title": "東京タワー　オカンとボクと、時々、オトン", "revenue": 18.8, "releaseDate": "2007-4"}, {"title": "劇場版　どうぶつの森", "revenue": 17.0, "releaseDate": "2006-12"}, {"title": "Ｌｉｆｅ　天国で君に逢えたら", "revenue": 17.0, "releaseDate": "2007-8"}, {"title": "クレヨンしんちゃん　嵐を呼ぶ　歌うケツだけ爆弾！", "revenue": 15.5, "releaseDate": "2007-4"}, {"title": "バッテリー", "revenue": 15.3, "releaseDate": "2007-3"}, {"title": "愛の流刑地", "revenue": 13.9, "releaseDate": "2007-1"}, {"title": "蒼き狼　地果て海尽きるまで", "revenue": 13.9, "releaseDate": "2007-3"}, {"title": "劇場版　仮面ライダー電王　俺、誕生！ 電影版　獣拳戦隊ゲキレンジャー　ﾈｲﾈｲ!ﾎｳﾎｳ!香港大決戦", "revenue": 13.8, "releaseDate": "2007-8"}, {"title": "ＮＡＮＡ２", "revenue": 12.5, "releaseDate": "2006-12"}, {"title": "眉山　びざん", "revenue": 12.1, "releaseDate": "2007.5"}, {"title": "劇場版　ＮＡＲＵＴＯ　ナルト　疾風伝", "revenue": 12.1, "releaseDate": "2007-8"}, {"title": "大日本人", "revenue": 11.6, "releaseDate": "2007-6"}, {"title": "それでもボクはやってない ", "revenue": 11.0, "releaseDate": "2007-1"}, {"title": "俺は、君のためにこそ死ににいく", "revenue": 10.8, "releaseDate": "2007-5"}], "2008": [{"title": "崖の上のポニョ ", "revenue": 155.0, "releaseDate": "2008-7"}, {"title": "花より男子ファイナル", "revenue": 77.5, "releaseDate": "2008-6"}, {"title": "おくりびと ", "revenue": 64.8, "releaseDate": "2008-9"}, {"title": "容疑者Ｘの献身", "revenue": 49.2, "releaseDate": "2008-10"}, {"title": "劇場版ポケットモンスター　ダイヤモンド＆パール　ギラティナと氷空(そら)の花束シェイミ", "revenue": 48.0, "releaseDate": "2008-7"}, {"title": "相棒 -劇場版- 絶体絶命！42.195km東京ビッグシティマラソン", "revenue": 44.4, "releaseDate": "2008-5"}, {"title": "２０世紀少年　第１章", "revenue": 39.5, "releaseDate": "2008-8"}, {"title": "ザ・マジックアワー", "revenue": 39.2, "releaseDate": "2008-6"}, {"title": "映画ドラえもん　のび太と緑の巨人伝", "revenue": 33.7, "releaseDate": "2008-3"}, {"title": "マリと子犬の物語", "revenue": 31.8, "releaseDate": "2007-12"}, {"title": "Ｌ　ｃｈａｎｇｅ　ｔｈｅ　ＷｏｒＬｄ", "revenue": 31.0, "releaseDate": "2008-2"}, {"title": "名探偵コナン　戦慄の楽譜＜フルスコア＞", "revenue": 24.2, "releaseDate": "2008-4"}, {"title": "パコと魔法の絵本", "revenue": 23.6, "releaseDate": "2008-9"}, {"title": "デトロイト・メタル・シティ", "revenue": 23.4, "releaseDate": "2008-8"}, {"title": "母べえ ", "revenue": 21.2, "releaseDate": "2008-1"}, {"title": "陰日向に咲く", "revenue": 19.5, "releaseDate": "2008-1"}, {"title": "クロサギ", "revenue": 17.2, "releaseDate": "2008-3"}, {"title": "チーム・バチスタの栄光", "revenue": 15.6, "releaseDate": "2008-2"}, {"title": "犬と私の10の約束", "revenue": 15.2, "releaseDate": "2008-3"}, {"title": "少林少女 ", "revenue": 15.1, "releaseDate": "2008-4"}, {"title": "ゲゲゲの鬼太郎　千年呪い歌", "revenue": 14.5, "releaseDate": "2008-7"}, {"title": "ハッピーフライト", "revenue": 13.3, "releaseDate": "2008-11"}, {"title": "映画クレヨンしんちゃん　ちょー嵐を呼ぶ　金矛〈きんぽこ〉の勇者！", "revenue": 12.3, "releaseDate": "2008-4"}, {"title": "クライマーズ・ハイ", "revenue": 11.9, "releaseDate": "2008-7"}, {"title": "劇場版ＮＡＲＵＴＯ －ナルト－ 疾風伝　絆", "revenue": 11.6, "releaseDate": "2008-8"}, {"title": "椿三十郎", "revenue": 11.5, "releaseDate": "2007-12"}, {"title": " 銀色のシーズン", "revenue": 10.4, "releaseDate": "2008-1"}, {"title": "砂時計 ", "revenue": 10.0, "releaseDate": "2008-4"}], "2009": [{"title": " ＲＯＯＫＩＥＳ－卒業－", "revenue": 85.5, "releaseDate": "2009-5"}, {"title": "劇場版ポケットモンスター／ダイヤモンド＆パール　アルセウス　超克（ちょうこく）の時空へ", "revenue": 46.7, "releaseDate": "2009-7"}, {"title": " ２０世紀少年＜最終章＞ぼくらの旗", "revenue": 44.1, "releaseDate": "2009-8"}, {"title": "ヱヴァンゲリヲン新劇場版：破 ", "revenue": 40.0, "releaseDate": "2009-6"}, {"title": "アマルフィ 女神の報酬", "revenue": 36.5, "releaseDate": "2009-7"}, {"title": "名探偵コナン 漆黒の追跡者〈チェイサー〉", "revenue": 35.0, "releaseDate": "2009-4"}, {"title": "ごくせん THE MOVIE", "revenue": 34.8, "releaseDate": "2009-7"}, {"title": "余命1ヶ月の花嫁", "revenue": 31.5, "releaseDate": "2009-5"}, {"title": "ヤッターマン", "revenue": 31.4, "releaseDate": "2009-3"}, {"title": "クローズZERO II", "revenue": 30.2, "releaseDate": "2009-4"}, {"title": "20世紀少年 第2章　最後の希望", "revenue": 30.1, "releaseDate": "2009-1"}, {"title": "沈まぬ太陽", "revenue": 28.0, "releaseDate": "2009-10"}, {"title": "劔岳 点の記", "revenue": 25.8, "releaseDate": "2009-6"}, {"title": "私は貝になりたい", "revenue": 24.5, "releaseDate": "2008-11"}, {"title": "映画ドラえもん 新・のび太の宇宙開拓史", "revenue": 24.5, "releaseDate": "2009-3"}, {"title": "カイジ 人生逆転ゲーム", "revenue": 22.5, "releaseDate": "2009-10"}, {"title": "僕の初恋をキミに捧ぐ", "revenue": 21.5, "releaseDate": "2009-10"}, {"title": "Ｋ－２０ 怪人二十面相・伝", "revenue": 20.0, "releaseDate": "2008-12"}, {"title": "ドロップ", "revenue": 19.5, "releaseDate": "2009-3"}, {"title": "感染列島", "revenue": 19.1, "releaseDate": "2009-1"}, {"title": "劇場版 仮面ライダーディケイド侍戦隊シンケンジャー 銀幕版", "revenue": 19.0, "releaseDate": "2009-8"}, {"title": "ＢＡＬＬＡＤ 名もなき恋のうた", "revenue": 18.1, "releaseDate": "2009-9"}, {"title": "２５２ －生存者あり－", "revenue": 17.0, "releaseDate": "2008-12"}, {"title": "サマーウォーズ", "revenue": 16.5, "releaseDate": "2009-8"}, {"title": "ＧＯＥＭＯＮ", "revenue": 14.3, "releaseDate": "2009-5"}, {"title": "なくもんか", "revenue": 13.5, "releaseDate": "2009-11"}, {"title": "赤い糸", "revenue": 11.5, "releaseDate": "2008-12"}, {"title": "カムイ外伝", "revenue": 11.2, "releaseDate": "2009-9"}, {"title": "劇場版ＭＡＪＯＲ（メジャー） 友情の一球（ウィニングショット）", "revenue": 10.5, "releaseDate": "2008-12"}, {"title": " 少年メリケンサック", "revenue": 10.2, "releaseDate": "2009-2"}, {"title": "劇場版 ＮＡＲＵＴＯ －ナルト－ 疾風伝 火の意志を継ぐ者", "revenue": 10.2, "releaseDate": "2009-8"}, {"title": "映画プリキュアオールスターズＤＸ みんなともだちっ☆奇跡の全員大集合！", "revenue": 10.1, "releaseDate": "2009-3"}, {"title": "ゼロの焦点", "revenue": 10.1, "releaseDate": "2009-11"}, {"title": "クレヨンしんちゃん　オタケべ！カスカベ野生王国", "revenue": 10.0, "releaseDate": "2009-4"}], "2010": [{"title": "借りぐらしのアリエッティ", "revenue": 92.6, "releaseDate": "2010-7"}, {"title": "ＴＨＥ ＬＡＳＴ ＭＥＳＳＡＧＥ 海猿", "revenue": 80.4, "releaseDate": "2010-9"}, {"title": "踊る大捜査線THE MOVIE3　ヤツらを解放せよ", "revenue": 73.1, "releaseDate": "2010-7"}, {"title": "ワンピース フィルム ストロングワールド", "revenue": 48.0, "releaseDate": "2009-12"}, {"title": "劇場版　ﾎﾟｹｯﾄﾓﾝｽﾀｰ　ﾀﾞｲｱﾓﾝﾄﾞ＆ﾊﾟｰﾙ　幻影の覇者　ｿﾞﾛｱｰｸ", "revenue": 41.6, "releaseDate": "2010-7"}, {"title": "のだめカンタービレ 最終楽章 前編", "revenue": 41.0, "releaseDate": "2009-12"}, {"title": "告白", "revenue": 38.5, "releaseDate": "2010-6"}, {"title": "のだめカンタービレ 最終楽章 後編", "revenue": 37.2, "releaseDate": "2010-4"}, {"title": "SP 野望篇", "revenue": 36.3, "releaseDate": "2010-10"}, {"title": "名探偵コナン 天空の難破船", "revenue": 32.0, "releaseDate": "2010-4"}, {"title": "映画ドラえもん　のび太の人魚大海戦", "revenue": 31.6, "releaseDate": "2010-3"}, {"title": "ハナミズキ", "revenue": 28.3, "releaseDate": "2010-8"}, {"title": "ライアーゲーム ザ・ファイナルステージ", "revenue": 23.6, "releaseDate": "2010-3"}, {"title": "大奥 ", "revenue": 23.2, "releaseDate": "2010-10"}, {"title": "おとうと ", "revenue": 21.0, "releaseDate": "2010-1"}, {"title": "悪人", "revenue": 19.8, "releaseDate": "2010-9"}, {"title": "ＴＲＩＣＫ　霊能力者バトルロイヤル", "revenue": 18.6, "releaseDate": "2010-5"}, {"title": "ＢＥＣＫ", "revenue": 17.6, "releaseDate": "2010-9"}, {"title": "十三人の刺客", "revenue": 16.0, "releaseDate": "2010-9"}, {"title": "仮面ライダー×仮面ライダー W＆ディケイドMOVIE大戦2010", "revenue": 15.4, "releaseDate": "2009-12"}, {"title": "君に届け", "revenue": 15.3, "releaseDate": "2010-9"}, {"title": "仮面ライダーW(ダブル) FOREVER AtoZ 運命のガイアメモリ　天装戦隊ゴセイジャー エピックON THE ムービー", "revenue": 14.7, "releaseDate": "2010-8"}, {"title": "仮面ライダー×仮面ライダー×仮面ライダー　超・電王トリロジー（EPISODE RED ゼロのスタートウィンクル）（EPISODE BLUE 派遣イマジンはNEWトラル）（EPISODE YELLOW お宝 DE エンド・パイレーツ）", "revenue": 13.1, "releaseDate": "2010-5"}, {"title": "映画クレヨンしんちゃん　超時空！嵐を呼ぶオラの花嫁", "revenue": 12.5, "releaseDate": "2010-4"}, {"title": "インシテミル 7日間のデス・ゲーム ", "revenue": 12.2, "releaseDate": "2010-10"}, {"title": "ゴールデンスランバー", "revenue": 11.5, "releaseDate": "2010-1"}, {"title": "映画プリキュアオールスターズＤＸ２　希望の光☆レインボージュエルを守れ！", "revenue": 11.5, "releaseDate": "2010-3"}, {"title": "劇場版　銀魂　新訳紅桜篇", "revenue": 10.7, "releaseDate": "2010-4"}, {"title": "劇場版ＮＡＲＵＴＯ-ナルト-疾風伝　ザ・ロストタワー", "revenue": 10.3, "releaseDate": "2010-7"}], "2011": [{"title": "コクリコ坂から", "revenue": 44.6, "releaseDate": "2011-7"}, {"title": "劇場版ポケットモンスター ベストウィッシュ「ビクティニと黒き英雄ゼクロム」「ビクティニと白き英雄レシラム」 ", "revenue": 43.3, "releaseDate": "2011-7"}, {"title": "ステキな金縛り", "revenue": 42.8, "releaseDate": "2011-10"}, {"title": "ＳＰＡＣＥ ＢＡＴＴＬＥＳＨＩＰ　ヤマト", "revenue": 41.0, "releaseDate": "2010-12"}, {"title": "ＧＡＮＴＺ", "revenue": 34.5, "releaseDate": "2011-1"}, {"title": "ＳＰ THE MOTION PICTURE 革命篇", "revenue": 33.3, "releaseDate": "2011-3"}, {"title": "相棒 －劇場版Ⅱ－　警視庁占拠！特命係の一番長い夜", "revenue": 31.8, "releaseDate": "2010-12"}, {"title": "名探偵コナン 沈黙の15分（クォーター）", "revenue": 31.5, "releaseDate": "2011-4"}, {"title": "ＧＡＮＴＺ ＰＥＲＦＥＣＴ ＡＮＳＷＥＲ", "revenue": 28.2, "releaseDate": "2011-4"}, {"title": "映画ドラえもん 新・のび太と鉄人兵団 ～はばたけ 天使たち～", "revenue": 24.6, "releaseDate": "2011-3"}, {"title": " アンフェア ｔｈｅ ａｎｓｗｅｒ", "revenue": 23.4, "releaseDate": "2011-9"}, {"title": "モテキ", "revenue": 22.2, "releaseDate": "2011-9"}, {"title": "神様のカルテ", "revenue": 18.9, "releaseDate": "2011-8"}, {"title": "アンダルシア 女神の報復", "revenue": 18.8, "releaseDate": "2011-6"}, {"title": "劇場版イナズマイレブン 最強軍団オーガ襲来", "revenue": 17.7, "releaseDate": "2010-12"}, {"title": "劇場版 仮面ライダーオーズ ＷＯＮＤＥＲＦＵＬ 将軍と２１のコアメダル海賊戦隊ゴーカイジャー ＴＨＥ ＭＯＶＩＥ 空飛ぶ幽霊船", "revenue": 17.6, "releaseDate": "2011-8"}, {"title": "岳 －ガク－", "revenue": 16.3, "releaseDate": "2011-5"}, {"title": "プリンセス トヨトミ", "revenue": 16.2, "releaseDate": "2011-5"}, {"title": "カイジ２ 人生奪回ゲーム", "revenue": 16.1, "releaseDate": "2011-11"}, {"title": "太平洋の奇跡 －フォックスと呼ばれた男－", "revenue": 15.7, "releaseDate": "2011-2"}, {"title": "武士の家計簿", "revenue": 15.0, "releaseDate": "2010-12"}, {"title": "ノルウェイの森", "revenue": 14.0, "releaseDate": "2010-12"}, {"title": "パラダイス・キス", "revenue": 13.9, "releaseDate": "2011-6"}, {"title": "仮面ライダー×仮面ライダー オーズ＆ダブル ＭＯＶＩＥ大戦ＣＯＲＥ", "revenue": 13.8, "releaseDate": "2010-12"}, {"title": " オーズ・電王・オールライダー レッツゴー仮面ライダー オーズ・電王・オールライダー レッツゴー仮面ライダー", "revenue": 13.3, "releaseDate": "2011-4"}, {"title": "八日目の蝉", "revenue": 12.4, "releaseDate": "2011-4"}, {"title": "僕と妻の1778の物語", "revenue": 12.3, "releaseDate": "2011-1"}, {"title": "探偵はＢＡＲにいる", "revenue": 12.2, "releaseDate": "2011-9"}, {"title": "クレヨンしんちゃん 嵐を呼ぶ黄金のスパイ大作戦", "revenue": 12.0, "releaseDate": "2011-4"}, {"title": "阪急電車 片道15分の奇跡", "revenue": 11.4, "releaseDate": "2011-4"}, {"title": "あしたのジョー ", "revenue": 11.0, "releaseDate": "2011-2"}, {"title": "映画プリキュアオールスターズＤＸ３ 未来にとどけ！世界をつなぐ☆虹色の花", "revenue": 10.2, "releaseDate": "2011-3"}], "2012": [{"title": "ＢＲＡＶＥ ＨＥＡＲＴＳ　海猿", "revenue": 73.3, "releaseDate": "2012-7"}, {"title": "テルマエ・ロマエ", "revenue": 59.8, "releaseDate": "2012-4"}, {"title": " 踊る大捜査線 ＴＨＥ ＦＩＮＡＬ　新たなる希望", "revenue": 59.7, "releaseDate": "2012-9"}, {"title": "ヱヴァンゲリヲン新劇場版：Ｑ", "revenue": 53.0, "releaseDate": "2012-11"}, {"title": " おおかみこどもの雨と雪", "revenue": 42.2, "releaseDate": "2012-7"}, {"title": "映画ドラえもん のび太と奇跡の島 ～アニマルアドベンチャー～", "revenue": 36.2, "releaseDate": "2012-3"}, {"title": "劇場版ポケットモンスター ベストウィッシュ　キュレムＶＳ（たい）聖剣士ケルディオ", "revenue": 36.1, "releaseDate": "2012-7"}, {"title": "ＡＬＷＡＹＳ 三丁目の夕日‘６４", "revenue": 34.4, "releaseDate": "2012-1"}, {"title": "劇場版 名探偵コナン 11人目のストライカー", "revenue": 32.9, "releaseDate": "2012-4"}, {"title": "映画 怪物くん", "revenue": 31.3, "releaseDate": "2011-11"}, {"title": "るろうに剣心", "revenue": 30.1, "releaseDate": "2012-8"}, {"title": "のぼうの城", "revenue": 28.4, "releaseDate": "2012-11"}, {"title": "僕等がいた 前篇", "revenue": 25.2, "releaseDate": "2012-3"}, {"title": "劇場版ＳＰＥＣ～天～", "revenue": 23.9, "releaseDate": "2012-4"}, {"title": "あなたへ ", "revenue": 23.9, "releaseDate": "2012-8"}, {"title": "悪の教典", "revenue": 23.4, "releaseDate": "2012-11"}, {"title": "ヘルタースケルター ", "revenue": 21.5, "releaseDate": "2012-7"}, {"title": "ライアーゲーム －再生－", "revenue": 21.0, "releaseDate": "2012-3"}, {"title": "映画 けいおん！", "revenue": 19.0, "releaseDate": "2011-12"}, {"title": "映画　ホタルノヒカリ", "revenue": 18.8, "releaseDate": "2012-5"}, {"title": "僕等がいた 後篇", "revenue": 17.2, "releaseDate": "2012-4"}, {"title": "麒麟の翼 ～劇場版・新参者～", "revenue": 16.8, "releaseDate": "2012-1"}, {"title": "ツナグ", "revenue": 16.6, "releaseDate": "2012-10"}, {"title": "宇宙兄弟", "revenue": 15.7, "releaseDate": "2012-5"}, {"title": "仮面ライダー×スーパー戦隊 スーパーヒーロー大戦", "revenue": 15.6, "releaseDate": "2012-4"}, {"title": "聯合艦隊司令長官 山本五十六 －太平洋戦争７０年目の真実－", "revenue": 15.3, "releaseDate": "2011-12"}, {"title": "仮面ライダー×仮面ライダー フォーゼ＆オーズ　ＭＯＶＩＥ大戦 ＭＥＧＡ ＭＡＸ", "revenue": 15.1, "releaseDate": "2011-12"}, {"title": "ｆｒｉｅｎｄｓ もののけ島のナキ", "revenue": 14.9, "releaseDate": "2011-12"}, {"title": "源氏物語 千年の謎", "revenue": 14.8, "releaseDate": "2011-12"}, {"title": " ＲＯＡＤ ＴＯ ＮＩＮＪＡ －ＮＡＲＵＴＯ ＴＨＥ ＭＯＶＩＥ－ ", "revenue": 14.8, "releaseDate": "2012-7"}, {"title": "アウトレイジ ビヨンド", "revenue": 14.5, "releaseDate": "2012-10"}, {"title": "北のカナリアたち ", "revenue": 14.0, "releaseDate": "2012-11"}, {"title": "貞子３Ｄ", "revenue": 13.5, "releaseDate": "2012-5"}, {"title": "わが母の記", "revenue": 13.3, "releaseDate": "2012-4"}, {"title": "仮面ライダーオーズ ＴＨＥ ＭＯＶＩＥ　みんなで宇宙キターッ！特命戦隊ゴーバスターズ ＴＨＥ ＭＯＶＩＥ　東京エネタワーを守れ！", "revenue": 12.7, "releaseDate": "2012-8"}, {"title": "エイトレンジャー", "revenue": 12.0, "releaseDate": "2012-7"}, {"title": "ロボジー", "revenue": 11.6, "releaseDate": "2012-1"}, {"title": "劇場版イナズマイレブンＧＯ 究極の絆 グリフォン", "revenue": 11.5, "releaseDate": "2011-12"}, {"title": "映画プリキュアオールスターズＮｅｗＳｔａｇｅ　みらいのともだち", "revenue": 10.2, "releaseDate": "2012-3"}], "2013": [{"title": "風立ちぬ ", "revenue": 120.2, "releaseDate": "2013-7"}, {"title": "ＯＮＥ ＰＩＥＣＥ ＦＩＬＭ Ｚ", "revenue": 68.7, "releaseDate": "2012-12"}, {"title": "映画ドラえもん のび太のひみつ道具博物館（ミュージアム）", "revenue": 39.8, "releaseDate": "2013-3"}, {"title": "名探偵コナン 絶海の探偵（プライベート・アイ）", "revenue": 36.3, "releaseDate": "2013-4"}, {"title": "真夏の方程式", "revenue": 33.1, "releaseDate": "2013-6"}, {"title": "映画 謎解きはディナーのあとで", "revenue": 32.5, "releaseDate": "2013-8"}, {"title": "そして父になる", "revenue": 32.0, "releaseDate": "2013-9"}, {"title": " 劇場版ポケットモンスター ベストウィッシュ『神速のゲノセクト ミュウツー覚醒』／ピカチュウとイーブイ☆フレンズ", "revenue": 31.7, "releaseDate": "2013-7"}, {"title": "ドラゴンボールＺ 神と神", "revenue": 29.9, "releaseDate": "2013-3"}, {"title": "清須会議", "revenue": 29.6, "releaseDate": "2013-11"}, {"title": "劇場版 ＳＰＥＣ ～結～ 漸ノ篇", "revenue": 27.5, "releaseDate": "2013-11"}, {"title": "プラチナデータ", "revenue": 26.4, "releaseDate": "2013-3"}, {"title": "謝罪の王様", "revenue": 21.8, "releaseDate": "2013-9"}, {"title": "ストロベリーナイト", "revenue": 21.5, "releaseDate": "2013-1"}, {"title": "劇場版 魔法少女まどか☆マギカ［新編］叛逆の物語", "revenue": 20.8, "releaseDate": "2013-10"}, {"title": "劇場版 ＳＰＥＣ ～結～ 爻ノ篇", "revenue": 20.6, "releaseDate": "2013-11"}, {"title": "劇場版 ＡＴＡＲＵ ‐ＴＨＥ ＦＩＲＳＴ ＬＯＶＥ ＆ ＴＨＥ ＬＡＳＴ ＫＩＬＬ‐", "revenue": 18.5, "releaseDate": "2013-9"}, {"title": "藁の楯 わらのたて", "revenue": 18.3, "releaseDate": "2013-4"}, {"title": "東京家族", "revenue": 18.2, "releaseDate": "2013-1"}, {"title": "陽だまりの彼女", "revenue": 17.9, "releaseDate": "2013-10"}, {"title": "今日、恋をはじめます", "revenue": 17.7, "releaseDate": "2012-12"}, {"title": "図書館戦争", "revenue": 17.2, "releaseDate": "2013-4"}, {"title": "劇場版銀魂 完結篇 万事屋よ永遠なれ", "revenue": 17.0, "releaseDate": "2013-7"}, {"title": "少年Ｈ", "revenue": 15.6, "releaseDate": "2013-8"}, {"title": "相棒シリーズ Ｘ ＤＡＹ", "revenue": 13.4, "releaseDate": "2013-3"}, {"title": "映画クレヨンしんちゃん バカうまっ！Ｂ級グルメサバイバル！！", "revenue": 13.0, "releaseDate": "2013-4"}, {"title": "脳男", "revenue": 12.7, "releaseDate": "2013-3"}, {"title": "劇場版 仮面ライダーウィザード イン マジックランド／劇場版 獣電戦隊キョウリュウジャー ガブリンチョ・オブ・ミュージック", "revenue": 12.3, "releaseDate": "2013-8"}, {"title": "劇場版 ＨＵＮＴＥＲ×ＨＵＮＴＥＲ 緋色の幻影", "revenue": 12.1, "releaseDate": "2013-1"}, {"title": "仮面ライダー×仮面ライダー ウィザード＆フォーゼ　ＭＯＶＩＥ大戦アルティメイタム", "revenue": 11.9, "releaseDate": "2012-12"}, {"title": "映画 妖怪人間ベム", "revenue": 11.7, "releaseDate": "2012-12"}, {"title": "劇場版 あの日見た花の名前を僕達はまだ知らない。", "revenue": 10.4, "releaseDate": "2013-8"}, {"title": "映画プリキュアオールスターズＮｅｗＳｔａｇｅ２　こころのともだち", "revenue": 10.3, "releaseDate": "2013-3"}, {"title": "クロユリ団地", "revenue": 10.2, "releaseDate": "2013-5"}, {"title": "奇跡のリンゴ", "revenue": 10.2, "releaseDate": "2013-6"}], "2014": [{"title": "永遠の０", "revenue": 87.6, "releaseDate": "2013-12"}, {"title": "ＳＴＡＮＤ ＢＹ ＭＥ ドラえもん", "revenue": 83.8, "releaseDate": "2014-8"}, {"title": "るろうに剣心 京都大火", "revenue": 52.2, "releaseDate": "2014-8"}, {"title": "テルマエ・ロマエⅡ", "revenue": 44.2, "releaseDate": "2014-4"}, {"title": "るろうに剣心 伝説の最期", "revenue": 43.5, "releaseDate": "2014-9"}, {"title": "ルパン三世ｖｓ名探偵コナン ＴＨＥ ＭＯＶＩＥ", "revenue": 42.6, "releaseDate": "2013-12"}, {"title": "名探偵コナン 異次元の狙撃手（スナイパー）", "revenue": 41.1, "releaseDate": "2014-4"}, {"title": "映画ドラえもん 新・のび太の大魔境 ～ペコと５人の探検隊～", "revenue": 35.8, "releaseDate": "2014-3"}, {"title": "思い出のマーニ", "revenue": 35.3, "releaseDate": "2014-7"}, {"title": "ポケモン・ザ・ムービーＸＹ「破壊の繭とディアンシー」／ピカチュウ、これなんのカギ？", "revenue": 29.1, "releaseDate": "7"}, {"title": "かぐや姫の物語", "revenue": 24.7, "releaseDate": "2013-11"}, {"title": "ホットロード", "revenue": 24.7, "releaseDate": "2014-8"}, {"title": "ルパン三世", "revenue": 24.5, "releaseDate": "2014-8"}, {"title": "土竜の唄 潜入捜査官 ＲＥＩＪＩ", "revenue": 21.9, "releaseDate": "2014-2"}, {"title": "相棒 ‐劇場版Ⅲ‐　巨大密室！ 特命係 絶海の孤島へ", "revenue": 21.2, "releaseDate": "2014-4"}, {"title": "映画クレヨンしんちゃん ガチンコ！逆襲のロボとーちゃん", "revenue": 18.3, "releaseDate": "2014-4"}, {"title": "トリック劇場版 ラストステージ", "revenue": 18.0, "releaseDate": "2014-1"}, {"title": "カノジョは嘘を愛しすぎてる", "revenue": 17.8, "releaseDate": "2013-12"}, {"title": "超高速！参勤交代", "revenue": 15.5, "releaseDate": "2014-6"}, {"title": "抱きしめたい ‐真実の物語‐", "revenue": 15.1, "releaseDate": "2014-2"}, {"title": "小さいおうち", "revenue": 12.6, "releaseDate": "2014-1"}, {"title": "ふしぎな岬の物語", "revenue": 12.6, "releaseDate": "2014-10"}, {"title": "神さまの言うとおり", "revenue": 12.2, "releaseDate": "2014-11"}, {"title": "青天の霹靂", "revenue": 11.8, "releaseDate": "2014-5"}, {"title": "近キョリ恋愛", "revenue": 11.7, "releaseDate": "2014-10"}, {"title": "クローズＥＸＰＬＯＤＥ", "revenue": 11.4, "releaseDate": "2014-4"}, {"title": "蜩ノ記", "revenue": 11.2, "releaseDate": "2014-10"}, {"title": "好きっていいなよ。", "revenue": 11.0, "releaseDate": "2014-7"}, {"title": "仮面ライダー×仮面ライダー 鎧武＆ウィザード 天下分け目の戦国ＭＯＶＩＥ大合戦", "revenue": 10.1, "releaseDate": "2013-12"}, {"title": "平成ライダー対昭和ライダー 仮面ライダー大戦ｆｅａｔ．スーパー戦隊", "revenue": 10.1, "releaseDate": "2014-3"}, {"title": "白ゆき姫殺人事件", "revenue": 10.0, "releaseDate": "2014-3"}], "2015": [{"title": "映画 妖怪ウォッチ　誕生の秘密だニャン！", "revenue": 78.0, "releaseDate": "2014-12"}, {"title": "バケモノの子", "revenue": 58.5, "releaseDate": "2015-7"}, {"title": "ＨＥＲＯ", "revenue": 46.7, "releaseDate": "2015-7"}, {"title": "名探偵コナン　業火の向日葵（ひまわり）", "revenue": 44.8, "releaseDate": "2015-4"}, {"title": "映画ドラえもん　のび太の宇宙英雄記（スペースヒーローズ）", "revenue": 39.3, "releaseDate": "2015-3"}, {"title": "ドラゴンボールＺ 復活の「Ｆ」", "revenue": 37.4, "releaseDate": "2015-4"}, {"title": "進撃の巨人　ATTACK ON TITAN", "revenue": 32.5, "releaseDate": "2015-8"}, {"title": "映画 ビリギャル", "revenue": 28.4, "releaseDate": "2015-5"}, {"title": "ラブライブ！Ｔｈｅ Ｓｃｈｏｏｌ Ｉｄｏｌ Ｍｏｖｉｅ", "revenue": 28.4, "releaseDate": "2015-6"}, {"title": "映画 暗殺教室", "revenue": 27.7, "releaseDate": "2015-3"}, {"title": "BORUTO　-NARUTO THE MOVIE-", "revenue": 26.2, "releaseDate": "2015-8"}, {"title": "ポケモン・ザ・ムービーXY　光輪（リング）の超魔神フーパ ピカチュウとポケモンおんがくたい", "revenue": 26.1, "releaseDate": "2015-7"}, {"title": "ガールズ＆パンツァー 劇場版", "revenue": 24.5, "releaseDate": "2015-11"}, {"title": "ヒロイン失格", "revenue": 24.3, "releaseDate": "2015-9"}, {"title": "アンフェア　the end", "revenue": 23.6, "releaseDate": "2015-9"}, {"title": "ストロボ・エッジ", "revenue": 23.2, "releaseDate": "2015-3"}, {"title": "映画クレヨンしんちゃん　オラの引越し物語～サボテン大襲撃～", "revenue": 22.9, "releaseDate": "2015-4"}, {"title": "寄生獣", "revenue": 20.2, "releaseDate": "2014-11"}, {"title": "THE LAST　-NARUTO THE MOVIE-", "revenue": 20.0, "releaseDate": "2014-12"}, {"title": "アオハライド", "revenue": 19.0, "releaseDate": "2014-12"}, {"title": "図書館戦争　THE LAST MISSION", "revenue": 18.0, "releaseDate": "2015-10"}, {"title": "バクマン。", "revenue": 17.6, "releaseDate": "2015-10"}, {"title": "海街ｄｉａｒｙ", "revenue": 16.8, "releaseDate": "2015-6"}, {"title": "進撃の巨人　ATTACK ON TITAN エンド オブ ザ ワールド", "revenue": 16.8, "releaseDate": "2015-9"}, {"title": "龍三と七人の子分たち", "revenue": 16.0, "releaseDate": "2015-4"}, {"title": "寄生獣　完結編", "revenue": 15.0, "releaseDate": "2015-4"}, {"title": "バンクーバーの朝日", "revenue": 14.2, "releaseDate": "2014-12"}, {"title": "新宿スワン", "revenue": 13.3, "releaseDate": "2015-5"}, {"title": "イニシエーション・ラブ", "revenue": 13.2, "releaseDate": "2015-5"}, {"title": "日本のいちばん長い日", "revenue": 13.2, "releaseDate": "2015-8"}, {"title": "ギャラクシー街道", "revenue": 13.2, "releaseDate": "2015-10"}, {"title": "予告犯", "revenue": 13.1, "releaseDate": "2015-6"}, {"title": "劇場版 ＭＯＺＵ", "revenue": 13.1, "releaseDate": "2015-11"}, {"title": "TERRACE HOUSE CLOSING DOOR", "revenue": 13.0, "releaseDate": "2015-2"}, {"title": "風に立つライオン", "revenue": 11.7, "releaseDate": "2015-3"}, {"title": "心が叫びたがってるんだ。", "revenue": 11.2, "releaseDate": "2015-9"}, {"title": "天空の蜂", "revenue": 10.8, "releaseDate": "2015-9"}, {"title": "映画ＳＴ　赤と白の捜査ファイル", "revenue": 10.6, "releaseDate": "2015-1"}, {"title": "グラスホッパー", "revenue": 10.0, "releaseDate": "2015-11"}], "2016": [{"title": "君の名は。", "revenue": 250.3, "releaseDate": "2016-8"}, {"title": "シン・ゴジラ", "revenue": 82.5, "releaseDate": "2016-7"}, {"title": "名探偵コナン　純黒の悪夢（ナイトメア）", "revenue": 63.3, "releaseDate": "2016-4"}, {"title": "映画 妖怪ウォッチ　エンマ大王と５つの物語だニャン！ ", "revenue": 55.3, "releaseDate": "2015-12"}, {"title": "ＯＮＥ ＰＩＥＣＥ ＦＩＬＭ ＧＯＬＤ", "revenue": 51.8, "releaseDate": "2016-7"}, {"title": "信長協奏曲　ノブナガコンツェルト", "revenue": 46.1, "releaseDate": "2016-1"}, {"title": "映画ドラえもん　新・のび太の日本誕生", "revenue": 41.2, "releaseDate": "2016-3"}, {"title": "暗殺教室～卒業編～", "revenue": 35.2, "releaseDate": "2016-3"}, {"title": "orange-オレンジ-", "revenue": 32.5, "releaseDate": "2015-12"}, {"title": "この世界の片隅に", "revenue": 26.7, "releaseDate": "2016-11"}, {"title": "映画 聲の形", "revenue": 23.0, "releaseDate": "2016-9"}, {"title": "植物図鑑 運命の恋、ひろいました", "revenue": 22.0, "releaseDate": "2016-6"}, {"title": "デスノート Ｌｉｇｈｔ ｕｐ ｔｈｅ ＮＥＷ ｗｏｒｌｄ", "revenue": 22.0, "releaseDate": "2016-10"}, {"title": "ポケモン・ザ・ムービーXY＆Z　ボルケニオンと機巧（からくり）のマギアナ", "revenue": 21.5, "releaseDate": "2016-7"}, {"title": "映画クレヨンしんちゃん　爆睡！ユメミーワールド大突撃", "revenue": 21.1, "releaseDate": "2016-4"}, {"title": "ＨｉＧＨ ＆ ＬＯＷ ＴＨＥ ＭＯＶＩＥ", "revenue": 21.1, "releaseDate": "2016-7"}, {"title": "母と暮せば", "revenue": 19.8, "releaseDate": "2015-12"}, {"title": "６４-ロクヨン-前編", "revenue": 19.4, "releaseDate": "2016-5"}, {"title": "６４-ロクヨン-後編", "revenue": 17.4, "releaseDate": "2016-6"}, {"title": "ちはやふる -上の句-", "revenue": 16.3, "releaseDate": "2016-3"}, {"title": "アイアムアヒーロー", "revenue": 16.2, "releaseDate": "2016-4"}, {"title": "さらば あぶない刑事", "revenue": 16.1, "releaseDate": "2016-1"}, {"title": "怒り", "revenue": 16.1, "releaseDate": "2016-9"}, {"title": "後妻業の女", "revenue": 15.2, "releaseDate": "2016-8"}, {"title": "TOO YOUNG TO DIE！若くして死ぬ", "revenue": 15.1, "releaseDate": "2016-6"}, {"title": "ミュージアム", "revenue": 15.0, "releaseDate": "2016-11"}, {"title": "ルドルフとイッパイアッテナ", "revenue": 14.6, "releaseDate": "2016-8"}, {"title": "四月は君の嘘", "revenue": 14.2, "releaseDate": "2016-9"}, {"title": "僕だけがいない街", "revenue": 14.0, "releaseDate": "2016-3"}, {"title": "家族はつらいよ", "revenue": 13.8, "releaseDate": "2016-3"}, {"title": "殿、利息でござる！", "revenue": 13.7, "releaseDate": "2016-5"}, {"title": "エヴェレスト 神々の山嶺", "revenue": 12.6, "releaseDate": "2016-3"}, {"title": "青空エール", "revenue": 12.5, "releaseDate": "2016-8"}, {"title": "黒崎くんの言いなりになんてならない", "revenue": 12.3, "releaseDate": "2016-2"}, {"title": "世界から猫が消えたなら", "revenue": 12.3, "releaseDate": "2016-5"}, {"title": "ちはやふる -下の句-", "revenue": 12.2, "releaseDate": "2016-4"}, {"title": "杉原千畝　スギハラチウネ", "revenue": 12.1, "releaseDate": "2015-12"}, {"title": "オオカミ少女と黒王子", "revenue": 12.1, "releaseDate": "2016-5"}, {"title": "ＨｉＧＨ ＆ ＬＯＷ ＴＨＥ ＲＥＤ ＲＡＩＮ", "revenue": 11.8, "releaseDate": "2016-10"}, {"title": "超高速！参勤交代 リターンズ", "revenue": 11.6, "releaseDate": "2016-9"}, {"title": "何者", "revenue": 10.7, "releaseDate": "2016-10"}, {"title": "遊戯王 THE DARK SIDE OF DIMENSIONS", "revenue": 10.0, "releaseDate": "2016-4"}, {"title": "貞子ｖｓ伽椰子", "revenue": 10.0, "releaseDate": "2016-6"}], "2017": [{"title": "名探偵コナン　から紅の恋歌（ラブレター）", "revenue": 68.9, "releaseDate": "2017-4"}, {"title": "映画ドラえもん　のび太の南極カチコチ大冒険", "revenue": 44.3, "releaseDate": "2017-3"}, {"title": "銀魂", "revenue": 38.4, "releaseDate": "2017-7"}, {"title": "劇場版ポケットモンスター キミにきめた！", "revenue": 35.5, "releaseDate": "2017-7"}, {"title": "君の膵臓をたべたい", "revenue": 35.2, "releaseDate": "2017-7"}, {"title": "メアリと魔女の花", "revenue": 32.9, "releaseDate": "2017-7"}, {"title": "映画 妖怪ウォッチ 空飛ぶクジラとダブル世界の大冒険だニャン！", "revenue": 32.6, "releaseDate": "2016-12"}, {"title": "劇場版 ソードアート・オンライン　-オーディナル・スケール-", "revenue": 25.2, "releaseDate": "2017-2"}, {"title": "忍びの国", "revenue": 25.1, "releaseDate": "2017-7"}, {"title": "22年目の告白 ―私が殺人犯です―", "revenue": 24.1, "releaseDate": "2017-6"}, {"title": "関ヶ原", "revenue": 24.0, "releaseDate": "2017-8"}, {"title": "海賊とよばれた男", "revenue": 23.7, "releaseDate": "2016-12"}, {"title": "昼顔", "revenue": 23.3, "releaseDate": "2017-6"}, {"title": "帝一の國", "revenue": 19.3, "releaseDate": "2017-4"}, {"title": "相棒‐劇場版Ⅳ‐　首都クライシス 人質は５０万人！特命係 最後の決断", "revenue": 19.2, "releaseDate": "2017-2"}, {"title": "ぼくは明日、昨日のきみとデートする", "revenue": 18.5, "releaseDate": "2016-12"}, {"title": "映画クレヨンしんちゃん　襲来！！宇宙人シリリ", "revenue": 16.2, "releaseDate": "2017-4"}, {"title": "打ち上げ花火、下から見るか？横から見るか？", "revenue": 15.9, "releaseDate": "2017-8"}, {"title": "アウトレイジ 最終章", "revenue": 15.9, "releaseDate": "2017-10"}, {"title": "劇場版「Fate/stay night [Heaven's Feel]」Ⅰ.presage flower", "revenue": 15.0, "releaseDate": "2017-10"}, {"title": "ミックス。", "revenue": 14.9, "releaseDate": "2017-10"}, {"title": "キセキ －あの日のソビト－", "revenue": 14.8, "releaseDate": "2017-1"}, {"title": "三度目の殺人", "revenue": 14.6, "releaseDate": "2017-9"}, {"title": "亜人", "revenue": 14.4, "releaseDate": "2017-9"}, {"title": "土竜の唄　香港狂騒曲", "revenue": 14.3, "releaseDate": "2016-12"}, {"title": "ひるなかの流星", "revenue": 13.7, "releaseDate": "2017-3"}, {"title": "ＨｉＧＨ ＆ ＬＯＷ ＴＨＥ ＭＯＶＩＥ ２ ／ ＥＮＤ ＯＦ ＳＫＹ", "revenue": 13.4, "releaseDate": "2017-8"}, {"title": "ＨｉＧＨ ＆ ＬＯＷ ＴＨＥ ＭＯＶＩＥ ３ ／ ＦＩＮＡＬ ＭＩＳＳＩＯＮ", "revenue": 13.1, "releaseDate": "2017-11"}, {"title": "チア☆ダン　～女子高生がチアダンスで全米制覇しちゃったホントの話～", "revenue": 13.0, "releaseDate": "2017-3"}, {"title": "ナラタージュ", "revenue": 12.8, "releaseDate": "2017-10"}, {"title": "ラストレシピ ～麒麟の舌の記憶～", "revenue": 11.4, "releaseDate": "2017-11"}, {"title": "追憶", "revenue": 11.3, "releaseDate": "2017-5"}, {"title": "東京喰種　トーキョーグール", "revenue": 11.0, "releaseDate": "2017-7"}, {"title": "ナミヤ雑貨店の奇蹟", "revenue": 10.9, "releaseDate": "2017-9"}, {"title": "劇場版 黒子のバスケ　ＬＡＳＴ ＧＡＭＥ", "revenue": 10.6, "releaseDate": "2017-3"}, {"title": "本能寺ホテル", "revenue": 10.1, "releaseDate": "2017-1"}, {"title": "ＰとＪＫ", "revenue": 10.1, "releaseDate": "2017-3"}, {"title": "斉木楠雄のΨ難", "revenue": 10.0, "releaseDate": "2017-10"}], "2018": [{"title": "劇場版コード・ブルー -ドクターヘリ緊急救命-", "revenue": 93.0, "releaseDate": "2018-7"}, {"title": "名探偵コナン　ゼロの執行人（しっこうにん）", "revenue": 91.8, "releaseDate": "2018-4"}, {"title": "映画ドラえもん　のび太の宝島", "revenue": 53.7, "releaseDate": "2018-3"}, {"title": "万引き家族", "revenue": 45.5, "releaseDate": "2018-6"}, {"title": "銀魂２ 掟は破るためにこそある", "revenue": 37.0, "releaseDate": "2018-8"}, {"title": "DESTINY 鎌倉ものがたり", "revenue": 32.1, "releaseDate": "2017-12"}, {"title": "カメラを止めるな！", "revenue": 31.2, "releaseDate": "2018-6"}, {"title": "劇場版ポケットモンスター みんなの物語", "revenue": 30.9, "releaseDate": "2018-7"}, {"title": "検察側の罪人", "revenue": 29.6, "releaseDate": "2018-8"}, {"title": "未来のミライ", "revenue": 28.8, "releaseDate": "2018-7"}, {"title": "８年越しの花嫁　奇跡の実話", "revenue": 28.2, "releaseDate": "2017-12"}, {"title": "映画 妖怪ウォッチ シャドウサイド 鬼王の復活", "revenue": 20.4, "releaseDate": "2017-12"}, {"title": "スマホを落としただけなのに", "revenue": 19.6, "releaseDate": "2018-11"}, {"title": "映画クレヨンしんちゃん　爆盛！カンフーボーイズ ～拉?大乱～", "revenue": 18.4, "releaseDate": "2018-4"}, {"title": "空飛ぶタイヤ", "revenue": 17.4, "releaseDate": "2018-6"}, {"title": "ちはやふる －結び－", "revenue": 17.3, "releaseDate": "2018-3"}, {"title": "僕のヒーローアカデミア THE MOVIE ?2人の英雄?", "revenue": 17.2, "releaseDate": "2018-8"}, {"title": "空海－ＫＵ-ＫＡＩ－　美しき王妃の謎", "revenue": 17.0, "releaseDate": "2018-2"}, {"title": "祈りの幕が下りる時", "revenue": 15.9, "releaseDate": "2018-1"}, {"title": "コーヒーが冷めないうちに", "revenue": 15.0, "releaseDate": "2018-9"}, {"title": "ラプラスの魔女", "revenue": 14.0, "releaseDate": "2018-5"}, {"title": "仮面ライダー平成ジェネレーションズFINAL ビルド＆エグゼイドwithレジェンドライダー", "revenue": 12.8, "releaseDate": "2017-12"}, {"title": "日日是好日", "revenue": 12.8, "releaseDate": "2018-10"}, {"title": "北の桜守", "revenue": 12.7, "releaseDate": "2018-3"}, {"title": "５０回目のファーストキス", "revenue": 12.6, "releaseDate": "2018-6"}, {"title": "センセイ君主 ", "revenue": 12.3, "releaseDate": "2018-8"}, {"title": "映画ＨＵＧっと！プリキュア?ふたりはプリキュア　オールスターズメモリーズ", "revenue": 11.5, "releaseDate": "2018-10"}, {"title": "鋼の錬金術師", "revenue": 11.1, "releaseDate": "2017-12"}, {"title": "今夜、ロマンス劇場で", "revenue": 10.2, "releaseDate": "2018-2"}, {"title": "劇場版 仮面ライダービルド Be The One／快盗戦隊ルパンレンジャーVS警察戦隊パトレンジャー en film", "revenue": 10.2, "releaseDate": "2018-8"}, {"title": "人魚の眠る家", "revenue": 10.0, "releaseDate": "2018-11"}], "2019": [{"title": "天気の子", "revenue": 141.9, "releaseDate": "2019-7"}, {"title": "名探偵コナン　紺青の拳（フィスト）", "revenue": 93.7, "releaseDate": "2019-4"}, {"title": "キングダム", "revenue": 57.3, "releaseDate": "2019-4"}, {"title": "劇場版「ONE PIECE STAMPEDE」", "revenue": 55.5, "releaseDate": "2019-8"}, {"title": "映画ドラえもん　のび太の月面探査記", "revenue": 50.2, "releaseDate": "2019-3"}, {"title": "マスカレード・ホテル", "revenue": 46.4, "releaseDate": "2019-1"}, {"title": "ドラゴンボール超 ブロリー", "revenue": 40.0, "releaseDate": "2018-12"}, {"title": "翔んで埼玉", "revenue": 37.6, "releaseDate": "2019-2"}, {"title": "記憶にございません！", "revenue": 36.4, "releaseDate": "2019-9"}, {"title": "ミュウツーの逆襲　EVOLUTION", "revenue": 29.8, "releaseDate": "2019-7"}, {"title": "コンフィデンスマンJP", "revenue": 29.7, "releaseDate": "2019-5"}, {"title": "劇場版おっさんずラブ ～LOVE or DEAD～", "revenue": 26.5, "releaseDate": "2019-8"}, {"title": "かぐや様は告らせたい～天才たちの恋愛頭脳戦～", "revenue": 22.4, "releaseDate": "2019-9"}, {"title": "七つの会議", "revenue": 21.6, "releaseDate": "2019-2"}, {"title": "映画クレヨンしんちゃん　新婚旅行ハリケーン ～失われたひろし～", "revenue": 20.8, "releaseDate": "2019-4"}, {"title": "アルキメデスの大戦", "revenue": 19.3, "releaseDate": "2019-7"}, {"title": "劇場版　うたの☆プリンスさまっ♪マジLOVEキングダム", "revenue": 18.2, "releaseDate": "2019-6"}, {"title": "ザ・ファブル", "revenue": 17.7, "releaseDate": "2019-6"}, {"title": "劇場版「Fate/stay night ［Heaven's Feel］」Ⅱ.lost butterfly", "revenue": 16.6, "releaseDate": "2019-1"}, {"title": "平成仮面ライダー20作記念 仮面ライダー平成ジェネレーションズFOREVER", "revenue": 15.6, "releaseDate": "2018-12"}, {"title": "十二人の死にたい子どもたち", "revenue": 15.5, "releaseDate": "2019-1"}, {"title": "劇場版シティーハンター", "revenue": 15.3, "releaseDate": "2019-2"}, {"title": "プロメア", "revenue": 15.0, "releaseDate": "2019-5"}, {"title": "映画　すみっコぐらし　とびだす絵本とひみつのコ", "revenue": 14.5, "releaseDate": "2019-11"}, {"title": "ドラゴンクエスト　ユア・ストーリー", "revenue": 14.2, "releaseDate": "2019-8"}, {"title": "フォルトゥナの瞳", "revenue": 13.7, "releaseDate": "2019-2"}, {"title": "人間失格　太宰治と３人の女たち", "revenue": 13.2, "releaseDate": "2019-9"}, {"title": "ラブライブ！サンシャイン！！The School Idol Movie Over the Rainbow", "revenue": 13.0, "releaseDate": "2019-1"}, {"title": "映画　妖怪ウォッチ　FOREVER　FRIENDS", "revenue": 12.5, "releaseDate": "2018-12"}, {"title": "HiGH&LOW THE WORST", "revenue": 12.5, "releaseDate": "2019-10"}, {"title": "Diner ダイナー", "revenue": 12.4, "releaseDate": "2019-7"}, {"title": "劇場版 仮面ライダージオウ Over Quartzer 騎士竜戦隊リュウソウジャー THE MOVIE タイムスリップ！恐竜パニック！！", "revenue": 11.7, "releaseDate": "2019-7"}, {"title": "空母いぶき", "revenue": 11.6, "releaseDate": "2019-5"}, {"title": "こんな夜更けにバナナかよ　愛しき実話", "revenue": 11.4, "releaseDate": "2018-12"}, {"title": "雪の華", "revenue": 11.2, "releaseDate": "2019-2"}, {"title": "引っ越し大名！", "revenue": 11.1, "releaseDate": "2019-8"}, {"title": "君は月夜に光り輝く", "revenue": 11.0, "releaseDate": "2019-3"}, {"title": "決算！忠臣蔵", "revenue": 11.0, "releaseDate": "2019-11"}, {"title": "コードギアス　復活のルルーシュ", "revenue": 10.6, "releaseDate": "2019-2"}, {"title": "最高の人生の見つけ方", "revenue": 10.5, "releaseDate": "2019-10"}], "2020": [{"title": "劇場版「鬼滅の刃」無限列車編", "revenue": 365.5, "releaseDate": "2020-10"}, {"title": "今日から俺は!!劇場版", "revenue": 53.7, "releaseDate": "2020-7"}, {"title": "コンフィデンスマンJP　プリンセス編", "revenue": 38.4, "releaseDate": "2020-7"}, {"title": "映画ドラえもん　のび太の新恐竜", "revenue": 33.5, "releaseDate": "2020-8"}, {"title": "事故物件　恐い間取り", "revenue": 23.4, "releaseDate": "2020-8"}, {"title": "糸", "revenue": 22.7, "releaseDate": "2020-8"}, {"title": "劇場版　ヴァイオレット・エヴァーガーデン", "revenue": 21.3, "releaseDate": "2020-9"}, {"title": "カイジ ファイナルゲーム", "revenue": 20.6, "releaseDate": "2020-1"}, {"title": "劇場版 Fate/stay night [Heaven's Feel] III. spring song", "revenue": 19.5, "releaseDate": "2020-8"}, {"title": "僕のヒーローアカデミア THE MOVIE ヒーローズ：ライジング", "revenue": 17.9, "releaseDate": "2019-12"}, {"title": "男はつらいよ お帰り 寅さん", "revenue": 14.7, "releaseDate": "2019-12"}, {"title": "犬鳴村", "revenue": 14.1, "releaseDate": "2020-2"}, {"title": "ヲタクに恋は難しい", "revenue": 13.4, "releaseDate": "2020-2"}, {"title": "罪の声", "revenue": 12.2, "releaseDate": "2020-10"}, {"title": "浅田家！", "revenue": 12.1, "releaseDate": "2020-10"}, {"title": "スマホを落としただけなのに 囚われの殺人鬼", "revenue": 11.9, "releaseDate": "2020-2"}, {"title": "映画クレヨンしんちゃん　激突！ラクガキングダムとほぼ四人の勇者", "revenue": 11.8, "releaseDate": "2020-9"}, {"title": "午前０時、キスしに来てよ", "revenue": 11.7, "releaseDate": "2019-12"}, {"title": "ルパン三世 THE FIRST", "revenue": 11.6, "releaseDate": "2019-12"}, {"title": "屍人荘の殺人", "revenue": 10.9, "releaseDate": "2019-12"}, {"title": "ＡＩ崩壊", "revenue": 10.0, "releaseDate": "2020-1"}]}